@book{cpp,
title = {Working Draft, Standard for Programming Language C++},
publisher = {American National Standards Institute},
year = {2014},
month = {3},
day = {21},
quote = {A static member may be referred to using the class member access syntax, in which case the object expression is evaluated.},
url = {http://www.open-std.org/jtc1/sc22/wg21/docs/papers/2017/n4659.pdf}
}